@article{06,
author = {Nataraj, Lakshmanan and Karthikeyan, Shanmugavadivel and Jacob, Grégoire and Manjunath, B.},
year = {2011},
month = {07},
pages = {04},
title = {{Malware Images: Visualization and Automatic Classification}},
publisher= {Association for Computing Machinery
New York, NY, United States}
}

@inproceedings{07,
author = {Kalash, Mahmoud and Rochan, Mrigank and Mohammed, Noman and Bruce, Neil and Wang, Yang and Iqbal, Farkhund},
year = {2018},
month = {02},
pages = {1-5},
title = {{Malware Classification with Deep Convolutional Neural Networks}}
}

@article{10,
author = {Ronen, Royi and Radu, Marian and Feuerstein, Corina and Yom-Tov, Elad and Ahmadi, Mansour},
year = {2018},
month = {02},
title = {{Microsoft Malware Classification Challenge}}
}

@article{11,
author = {Nataraj, Lakshmanan and Karthikeyan, Shanmugavadivel and Jacob, Grégoire and Manjunath, B.},
year = {2011},
month = {07},
pages = {04},
title = {{Malware Images: Visualization and Automatic Classification}}
}

@article{12,
author = {Nataraj, Lakshmanan and Yegneswaran, Vinod and Porras, Phillip and Zhang, Jian},
year = {2011},
month = {09},
pages = {21-30},
title = {{A comparative assessment of malware classification using binary texture analysis and dynamic analysis}}
}

@inproceedings{13,
author = {Kosmidis, Konstantinos and Kalloniatis, Christos},
year = {2017},
month = {09},
pages = {1-6},
title = {{Machine Learning and Images for Malware Detection and Classification},
isbn = {978-1-4503-5355-7}}
}


@article{15,
author = {Ali Mirza, Qublai Khan and Awan, Irfan and Younas, Muhammad},
year = {2017},
month = {07},
pages = {1042–1053},
title = {CloudIntell: An intelligent malware detection system},
volume = {86},
journal = {{Future Generation Computer Systems}}
}

@article{16,
author = {Zhang, Hanqi and Xiao, Xi and Mercaldo, Francesco and Ni, Shiguang and Martinelli, Fabio and Kumar, Arun},
year = {2018},
month = {08},
pages = {211-221},
title = {{Classification of ransomware families with machine learning based on N -gram of opcodes}},
volume = {90},
journal = {{Future Generation Computer Systems}}
}

@article{17,
author = {Cui, Zhihua and Xue, Fei and Cai, Xingjuan and Cao, Yang and Wang, Gai-Ge and Chen, Jinjun},
year = {2018},
month = {07},
pages = {3187-3196},
title = {{Detection of Malicious Code Variants Based on Deep Learning}},
volume = {14},
journal = {IEEE Transactions on Industrial Informatics}
}

@article{18,
author = {Yue, Songqing},
year = {2017},
month = {08},
title = {{Imbalanced Malware Images Classification: a CNN based Approach}}
}


@article{19,
author = {Gibert, Daniel and Mateu, Carles and Planes, Jordi and Vicens, Ramon},
year = {2019},
month = {03},
pages = {15-28},
title = {{Using convolutional neural networks for classification of malware represented as images}},
volume = {15},
journal = {Journal of Computer Virology and Hacking Techniques}
}


@article{20,
author = {Seok, Seonhee and Kim, Howon},
year = {2016},
month = {02},
pages = {197-208},
title = {{Visualized Malware Classification Based-on Convolutional Neural Network}},
volume = {26},
journal = {Journal of the Korea Institute of Information Security and Cryptology}
}


@inproceedings{21,
author = {Tobiyama, Shun and Yamaguchi, Yukiko and Shimada, Hajime and Ikuse, Tomonori and Yagi, Takeshi},
year = {2016},
month = {06},
pages = {577-582},
title = {{Malware Detection with Deep Neural Network Using Process Behavior}}
}


@article{22,
author = {Ravi, Vinayakumar and Alazab, Mamoun and Kp, Soman and Poornachandran, Prabaharan and Venkatraman, Sitalakshmi},
year = {2019},
month = {04},
pages = {1-1},
title = {{Robust Intelligent Malware Detection Using Deep Learning}},
journal = {IEEE Access}
}


@inproceedings{23,
author = {Su, Jiawei and Vargas, Danilo and Prasad, Sanjiva and Daniele, Sgandurra and Feng, Yaokai and Sakurai, Kouichi},
year = {2018},
month = {07},
pages = {664-669},
title = {{Lightweight Classification of IoT Malware Based on Image Recognition}}
}


@inproceedings{24,
author = {Ahmadi, Mansour and Ulyanov, Dmitry and Semenov, Stanislav and Trofimov, Mikhail and Giacinto, Giorgio},
year = {2016},
month = {03},
title = {{Novel Feature Extraction, Selection and Fusion for Effective Malware Family Classification}}
}

@article{25,
author = {Gibert, Daniel and Mateu, Carles and Planes, Jordi and Le, Quan},
journal = {Expert Systems with Applications},
volume = {207},
pages = {117957},
year = {2022},
issn = {0957-4174},
title = {{Fusing Feature Engineering and Deep Learning: A Case Study for Malware Classification}}
}

@article{26,
author = {Friedman, Jerome},
year = {2001},
month = {10},
pages = {1189-1232},
title = {{Greedy Function Approximation: A Gradient Boosting Machine}},
volume = {29},
journal = {Annals of Statistics}
}

@article{27,
author = {Xiao, Guoqing and Li, Jingning and Chen, Yuedan and Li, Kenli},
year = {2020},
month = {04},
title = {{MalFCS: An effective malware classification framework with automated feature extraction based on deep convolutional neural networks}},
volume = {141},
journal = {Journal of Parallel and Distributed Computing}}
}

@article{28,
author = {Bensaoud, Ahmed and Abudawaood, Nawaf and Kalita, Jugal},
year = {2020},
month = {10},
title = {{Classifying Malware Images with Convolutional Neural Network Models}}
}





@article{31,
author = {Agarap, Abien Fred},
year = {2017},
month = {12},
title = {{Towards Building an Intelligent Anti-Malware System: A Deep Learning Approach using Support Vector Machine (SVM) for Malware Classification}}
}

@article{32,
author = {Bellili, A. and Gilloux, M. and Gallinari, P. and Curie, Marie and Poste, La},
year = {2002},
month = {05},
pages = {28-32},
title = {{An Hybrid MLP-SVM Handwritten Digit Recognizer}}
}



@article{34,
author = {Kumar, Sanjeev and Janet, B.},
year = {2022},
month = {02},
pages = {103063},
title = {{DTMIC: Deep transfer learning for malware image classification}},
volume = {64},
journal = {Journal of Information Security and Applications}}
}


@article{37,
author = {Gibert, Daniel and Mateu, Carles and Planes, Jordi},
year = {2020},
month = {05},
pages = {101873},
title = {{HYDRA: A Multimodal Deep Learning Framework for Malware Classification}},
volume = {95},
journal = {Computers \& Security}
}
@INPROCEEDINGS{38,
  author={Makandar, Aziz and Patrot, Anita},
  booktitle={{2017 International Conference on Data Management, Analytics and Innovation (ICDMAI)}}, 
  title={{Malware class recognition using image processing techniques}}, 
  year={2017},
  pages={76-80}
 }




