@article{06,
author = {Nataraj, Lakshmanan and Karthikeyan, Shanmugavadivel and Jacob, Grégoire and Manjunath, B.},
year = {2011},
month = {07},
pages = {04},
title = {{Malware Images: Visualization and Automatic Classification}},
publisher= {Association for Computing Machinery
New York, NY, United States}
}

@inproceedings{07,
author = {Kalash, Mahmoud and Rochan, Mrigank and Mohammed, Noman and Bruce, Neil and Wang, Yang and Iqbal, Farkhund},
year = {2018},
month = {02},
pages = {1-5},
title = {{Malware Classification with Deep Convolutional Neural Networks}}
}

@article{10,
author = {Ronen, Royi and Radu, Marian and Feuerstein, Corina and Yom-Tov, Elad and Ahmadi, Mansour},
year = {2018},
month = {02},
title = {{Microsoft Malware Classification Challenge}}
}

@article{11,
author = {Nataraj, Lakshmanan and Karthikeyan, Shanmugavadivel and Jacob, Grégoire and Manjunath, B.},
year = {2011},
month = {07},
pages = {04},
title = {{Malware Images: Visualization and Automatic Classification}}
}

@article{12,
author = {Nataraj, Lakshmanan and Yegneswaran, Vinod and Porras, Phillip and Zhang, Jian},
year = {2011},
month = {09},
pages = {21-30},
title = {{A comparative assessment of malware classification using binary texture analysis and dynamic analysis}}
}

@inproceedings{13,
author = {Kosmidis, Konstantinos and Kalloniatis, Christos},
year = {2017},
month = {09},
pages = {1-6},
title = {{Machine Learning and Images for Malware Detection and Classification},
isbn = {978-1-4503-5355-7}}
}


@article{15,
author = {Ali Mirza, Qublai Khan and Awan, Irfan and Younas, Muhammad},
year = {2017},
month = {07},
pages = {1042–1053},
title = {CloudIntell: An intelligent malware detection system},
volume = {86},
journal = {{Future Generation Computer Systems}}
}

@article{16,
author = {Zhang, Hanqi and Xiao, Xi and Mercaldo, Francesco and Ni, Shiguang and Martinelli, Fabio and Kumar, Arun},
year = {2018},
month = {08},
pages = {211-221},
title = {{Classification of ransomware families with machine learning based on N -gram of opcodes}},
volume = {90},
journal = {{Future Generation Computer Systems}}
}

@article{17,
author = {Cui, Zhihua and Xue, Fei and Cai, Xingjuan and Cao, Yang and Wang, Gai-Ge and Chen, Jinjun},
year = {2018},
month = {07},
pages = {3187-3196},
title = {{Detection of Malicious Code Variants Based on Deep Learning}},
volume = {14},
journal = {IEEE Transactions on Industrial Informatics}
}

@article{18,
author = {Yue, Songqing},
year = {2017},
month = {08},
title = {{Imbalanced Malware Images Classification: a CNN based Approach}}
}


@article{19,
author = {Gibert, Daniel and Mateu, Carles and Planes, Jordi and Vicens, Ramon},
year = {2019},
month = {03},
pages = {15-28},
title = {{Using convolutional neural networks for classification of malware represented as images}},
volume = {15},
journal = {Journal of Computer Virology and Hacking Techniques}
}


@article{20,
author = {Seok, Seonhee and Kim, Howon},
year = {2016},
month = {02},
pages = {197-208},
title = {{Visualized Malware Classification Based-on Convolutional Neural Network}},
volume = {26},
journal = {Journal of the Korea Institute of Information Security and Cryptology}
}


@inproceedings{21,
author = {Tobiyama, Shun and Yamaguchi, Yukiko and Shimada, Hajime and Ikuse, Tomonori and Yagi, Takeshi},
year = {2016},
month = {06},
pages = {577-582},
title = {{Malware Detection with Deep Neural Network Using Process Behavior}}
}


@article{22,
author = {Ravi, Vinayakumar and Alazab, Mamoun and Kp, Soman and Poornachandran, Prabaharan and Venkatraman, Sitalakshmi},
year = {2019},
month = {04},
pages = {1-1},
title = {{Robust Intelligent Malware Detection Using Deep Learning}},
journal = {IEEE Access}
}


@inproceedings{23,
author = {Su, Jiawei and Vargas, Danilo and Prasad, Sanjiva and Daniele, Sgandurra and Feng, Yaokai and Sakurai, Kouichi},
year = {2018},
month = {07},
pages = {664-669},
title = {{Lightweight Classification of IoT Malware Based on Image Recognition}}
}


@inproceedings{24,
author = {Ahmadi, Mansour and Ulyanov, Dmitry and Semenov, Stanislav and Trofimov, Mikhail and Giacinto, Giorgio},
year = {2016},
month = {03},
title = {{Novel Feature Extraction, Selection and Fusion for Effective Malware Family Classification}}
}

@article{25,
author = {Gibert, Daniel and Mateu, Carles and Planes, Jordi and Le, Quan},
journal = {Expert Systems with Applications},
volume = {207},
pages = {117957},
year = {2022},
issn = {0957-4174},
title = {{Fusing Feature Engineering and Deep Learning: A Case Study for Malware Classification}}
}

@article{26,
author = {Friedman, Jerome},
year = {2001},
month = {10},
pages = {1189-1232},
title = {{Greedy Function Approximation: A Gradient Boosting Machine}},
volume = {29},
journal = {Annals of Statistics}
}

@article{27,
author = {Xiao, Guoqing and Li, Jingning and Chen, Yuedan and Li, Kenli},
year = {2020},
month = {04},
title = {{MalFCS: An effective malware classification framework with automated feature extraction based on deep convolutional neural networks}},
volume = {141},
journal = {Journal of Parallel and Distributed Computing}}

@article{28,
author = {Bensaoud, Ahmed and Abudawaood, Nawaf and Kalita, Jugal},
year = {2020},
month = {10},
title = {{Classifying Malware Images with Convolutional Neural Network Models}}
}





@article{31,
author = {Agarap, Abien Fred},
year = {2017},
month = {12},
title = {{Towards Building an Intelligent Anti-Malware System: A Deep Learning Approach using Support Vector Machine (SVM) for Malware Classification}}
}

@article{32,
author = {Bellili, A. and Gilloux, M. and Gallinari, P. and Curie, Marie and Poste, La},
year = {2002},
month = {05},
pages = {28-32},
title = {{An Hybrid MLP-SVM Handwritten Digit Recognizer}}
}

@inproceedings{33,
  title={{Rethinking the inception architecture for computer vision}},
  author={Szegedy, Christian and Vanhoucke, Vincent and Ioffe, Sergey and Shlens, Jon and Wojna, Zbigniew},
  booktitle={Proceedings of the IEEE conference on computer vision and pattern recognition},
  pages={2818--2826},
  year={2016}
}

@article{34,
author = {Kumar, Sanjeev and Janet, B.},
year = {2022},
month = {02},
pages = {103063},
title = {{DTMIC: Deep transfer learning for malware image classification}},
volume = {64},
journal = {Journal of Information Security and Applications}}

@online{36,
author = {Clare Stouffer},
title = {{115 cybersecurity statistics }},
year = 2022,
url = {https://us.norton.com/blog/emerging-threats/cybersecurity-statistics},
urldate = {2022-09-01}
}

@article{37,
author = {Gibert, Daniel and Mateu, Carles and Planes, Jordi},
year = {2020},
month = {05},
pages = {101873},
title = {{HYDRA: A Multimodal Deep Learning Framework for Malware Classification}},
volume = {95},
journal = {Computers \& Security}
}
@INPROCEEDINGS{38,
  author={Makandar, Aziz and Patrot, Anita},
  booktitle={{2017 International Conference on Data Management, Analytics and Innovation (ICDMAI)}}, 
  title={{Malware class recognition using image processing techniques}}, 
  year={2017},
  pages={76-80}
 }
 @article{39,
  title={ConRec: malware classification using convolutional recurrence},
  author={Abhishek Mallik and Anavi Khetarpal and S. Kumar},
  journal={Journal of Computer Virology and Hacking Techniques},
  year={2022},
  volume={18},
  pages={297 - 313}
}

@ARTICLE{40,
  author={Aslan, Omer and Yilmaz, Abdullah Asim},
  journal={IEEE Access}, 
  title={A New Malware Classification Framework Based on Deep Learning Algorithms}, 
  year={2021},
  volume={9},
  number={},
  pages={87936-87951},
  doi={10.1109/ACCESS.2021.3089586}}


@misc{41,
  
  author = {Calleja, Alejandro and Tapiador, Juan and Caballero, Juan},
  
  keywords = {Cryptography and Security (cs.CR), Software Engineering (cs.SE), FOS: Computer and information sciences, FOS: Computer and information sciences},
  
  title = {The MalSource Dataset: Quantifying Complexity and Code Reuse in Malware Development},
  
  publisher = {arXiv},
  
  year = {2018},
  
  copyright = {arXiv.org perpetual, non-exclusive license}
}



@article{42,
author = {Komatwar, Rupali and Kokare, Manesh},
year = {2020},
month = {08},
pages = {1-31},
title = {A Survey on Malware Detection and Classification},
volume = {16},
journal = {Journal of Applied Security Research},
doi = {10.1080/19361610.2020.1796162}
}

@article{43,
author={Aslan, Omer and Yilmaz, Abdullah Asim},
journal={IEEE Access}, 
title={A New Malware Classification Framework Based on Deep Learning Algorithms}, 
year={2021},
volume={9},
pages={87936-87951},
doi={10.1109/ACCESS.2021.3089586}}
  
@misc{44,
author = {Li, Li and Gao, Jun and Hurier, Médéric and Kong, Pingfan and Bissyandé, Tegawendé F. and Bartel, Alexandre and Klein, Jacques and Traon, Yves Le},
keywords = {Software Engineering (cs.SE), FOS: Computer and information sciences, FOS: Computer and information sciences},
title = {AndroZoo++: Collecting Millions of Android Apps and Their Metadata for the Research Community},
publisher = {arXiv},
year = {2017},
copyright = {arXiv.org perpetual, non-exclusive license}
}
@inproceedings{45,
  title={DREBIN: Effective and Explainable Detection of Android Malware in Your Pocket},
  author={Dan Arp and Michael Spreitzenbarth and Malte Hubner and Hugo Gascon and Konrad Rieck},
  booktitle={Network and Distributed System Security Symposium},
  year={2014}
}
@article{46,
title = {Generative adversarial network: An overview of theory and applications},
journal = {International Journal of Information Management Data Insights},
volume = {1},
number = {1},
pages = {100004},
year = {2021},
issn = {2667-0968},
doi = {https://doi.org/10.1016/j.jjimei.2020.100004},
url = {https://www.sciencedirect.com/science/article/pii/S2667096820300045},
author = {Alankrita Aggarwal and Mamta Mittal and Gopi Battineni},
}
@incollection{47,
title = {Chapter 10 - Contemporary survey on effectiveness of machine and deep learning techniques for cyber security},
editor = {Partha Pratim Sarangi and Madhumita Panda and Subhashree Mishra and Bhabani Shankar Prasad Mishra and Banshidhar Majhi},
booktitle = {Machine Learning for Biometrics},
pages = {177-200},
year = {2022},
series = {Cognitive Data Science in Sustainable Computing},
isbn = {978-0-323-85209-8},
doi = {https://doi.org/10.1016/B978-0-323-85209-8.00007-9},
url = {\url{https://www.sciencedirect.com/science/article/pii/B9780323852098000079}},
author = {P. Suresh and K. Logeswaran and P. Keerthika and R. {Manjula Devi} and K. Sentamilselvan and G.K. Kamalam and H. Muthukrishnan},
}

@inproceedings{48,
author = {Evgeniou, Theodoros and Pontil, Massimiliano},
year = {2001},
month = {09},
pages = {249-257},
title = {Support Vector Machines: Theory and Applications},
volume = {2049},
isbn = {978-3-540-42490-1},
doi = {10.1007/3-540-44673-7_12}
}
@article{49,
title = {A comprehensive survey on support vector machine classification: Applications, challenges and trends},
journal = {Neurocomputing},
volume = {408},
pages = {189-215},
year = {2020},
issn = {0925-2312},
doi = {https://doi.org/10.1016/j.neucom.2019.10.118},
url = {https://www.sciencedirect.com/science/article/pii/S0925231220307153},
author = {Jair Cervantes and Farid Garcia-Lamont and Lisbeth Rodríguez-Mazahua and Asdrubal Lopez},
}
@misc{50,
  doi = {10.48550/ARXIV.2102.10424},
  
  url = {https://arxiv.org/abs/2102.10424},
  
  author = {Wolfe, Cameron R. and Yang, Jingkang and Chowdhury, Arindam and Dun, Chen and Bayer, Artun and Segarra, Santiago and Kyrillidis, Anastasios},
  
  title = {GIST: Distributed Training for Large-Scale Graph Convolutional Networks},
  
  publisher = {arXiv},
  
  year = {2021},
  
  copyright = {Creative Commons Attribution 4.0 International}
}
@Inbook{51,
author="Marhon, Sajid A.
and Cameron, Christopher J. F.
and Kremer, Stefan C.",
editor="Bianchini, Monica
and Maggini, Marco
and Jain, Lakhmi C.",
title="Recurrent Neural Networks",
bookTitle="Handbook on Neural Information Processing",
year="2013",
publisher="Springer Berlin Heidelberg",
address="Berlin, Heidelberg",
pages="29--65",
isbn="978-3-642-36657-4",
doi="https://doi.org/10.1007/978-3-642-36657-4_2"
}
@article{52,
author = {Van Houdt, Greg and Mosquera, Carlos and Nápoles, Gonzalo},
year = {2020},
month = {12},
pages = {},
title = {A Review on the Long Short-Term Memory Model},
volume = {53},
journal = {Artificial Intelligence Review},
doi = {10.1007/s10462-020-09838-1}
}
@misc{53,
  doi = {10.48550/ARXIV.1406.1078},
  
  url = {https://arxiv.org/abs/1406.1078},
  
  author = {Cho, Kyunghyun and van Merrienboer, Bart and Gulcehre, Caglar and Bahdanau, Dzmitry and Bougares, Fethi and Schwenk, Holger and Bengio, Yoshua},
title = {Learning Phrase Representations using RNN Encoder-Decoder for Statistical Machine Translation},
publisher = {arXiv},
year = {2014},
copyright = {arXiv.org perpetual, non-exclusive license}
}
@Inbook{54,
author= {Webb, Geoffrey I.},
editor= {Sammut, Claude
and Webb, Geoffrey I.},
title= {Overfitting},
bookTitle= {Encyclopedia of Machine Learning},
year= {2010},
publisher= {Springer US},
address= {Boston, MA},
pages= {744-744},
isbn= {978-0-387-30164-8},
doi= {10.1007/978-0-387-30164-8_623},
url= {\url{https://doi.org/10.1007/978-0-387-30164-8_623}}
}
@misc{55,
  doi = {10.48550/ARXIV.1409.1556},
  
  url = {https://arxiv.org/abs/1409.1556},
  
  author = {Simonyan, Karen and Zisserman, Andrew},
  
  keywords = {Computer Vision and Pattern Recognition (cs.CV), FOS: Computer and information sciences, FOS: Computer and information sciences},
  
  title = {Very Deep Convolutional Networks for Large-Scale Image Recognition},
  
  publisher = {arXiv},
  
  year = {2014},
  
  copyright = {arXiv.org perpetual, non-exclusive license}
}

@INPROCEEDINGS{56,
  author={Kebede, Temesguen Messay and Djaneye-Boundjou, Ouboti and Narayanan, Barath Narayanan and Ralescu, Anca and Kapp, David},
  booktitle={2017 IEEE National Aerospace and Electronics Conference (NAECON)}, 
  title={Classification of Malware programs using autoencoders based deep learning architecture and its application to the microsoft malware Classification challenge (BIG 2015) dataset}, 
  year={2017},
  volume={},
  number={},
  pages={70-75},
  doi={10.1109/NAECON.2017.8268747}}
@ARTICLE{57,
  author={Liu, Ya-shu and Lai, Yu-Kun and Wang, Zhi-Hai and Yan, Han-Bing},
  journal={IEEE Access}, 
  title={A New Learning Approach to Malware Classification Using Discriminative Feature Extraction}, 
  year={2019},
  volume={7},
  number={},
  pages={13015-13023},
  doi={10.1109/ACCESS.2019.2892500}}
  
  @INPROCEEDINGS{58,  author={Qiao, Yanchen and Jiang, Qingshan and Jiang, Zhenchao and Gu, Liang},  booktitle={2019 18th IEEE International Conference On Trust, Security And Privacy In Computing And Communications/13th IEEE International Conference On Big Data Science And Engineering (TrustCom/BigDataSE)},   title={A Multi-channel Visualization Method for Malware Classification Based on Deep Learning},   year={2019},  volume={},  number={},  pages={757-762},  doi={10.1109/TrustCom/BigDataSE.2019.00109}}
  @article{59,
title = {MCFT-CNN: Malware classification with fine-tune convolution neural networks using traditional and transfer learning in Internet of Things},
journal = {Future Generation Computer Systems},
volume = {125},
pages = {334-351},
year = {2021},
issn = {0167-739X},
doi = {https://doi.org/10.1016/j.future.2021.06.029},
url = {https://www.sciencedirect.com/science/article/pii/S0167739X21002247},
author = { Sudhakar and Sushil Kumar},
}
@article{60,
title = {Image-based malware classification using section distribution information},
journal = {Computers \& Security},
volume = {110},
pages = {102420},
year = {2021},
issn = {0167-4048},
doi = {https://doi.org/10.1016/j.cose.2021.102420},
url = {https://www.sciencedirect.com/science/article/pii/S0167404821002443},
author = {Mao Xiao and Chun Guo and Guowei Shen and Yunhe Cui and Chaohui Jiang},
}

@Article{61,
AUTHOR = {Lin, Wei-Cheng and Yeh, Yi-Ren},
TITLE = {Efficient Malware Classification by Binary Sequences with One-Dimensional Convolutional Neural Networks},
JOURNAL = {Mathematics},
VOLUME = {10},
YEAR = {2022},
NUMBER = {4},
ARTICLE-NUMBER = {608},
URL = {https://www.mdpi.com/2227-7390/10/4/608},
ISSN = {2227-7390},
DOI = {10.3390/math10040608}
}
@article{62,
title = {Byte-level malware classification based on markov images and deep learning},
journal = {Computers \& Security},
volume = {92},
pages = {101740},
year = {2020},
issn = {0167-4048},
doi = {https://doi.org/10.1016/j.cose.2020.101740},
url = {https://www.sciencedirect.com/science/article/pii/S0167404820300262},
author = {Baoguo Yuan and Junfeng Wang and Dong Liu and Wen Guo and Peng Wu and Xuhua Bao},
}
@article{63,
title = {Zero-day malware detection using transferred generative adversarial networks based on deep autoencoders},
journal = {Information Sciences},
volume = {460-461},
pages = {83-102},
year = {2018},
issn = {0020-0255},
doi = {https://doi.org/10.1016/j.ins.2018.04.092},
url = {https://www.sciencedirect.com/science/article/pii/S0020025518303475},
author = {Jin-Young Kim and Seok-Jun Bu and Sung-Bae Cho},
}
@article{64,
author = {Zhang, Xiaoliang and Wu, Kehe and Chen, Zuge and Zhang, Chenyi},
year = {2021},
month = {05},
pages = {929},
title = {MalCaps: A Capsule Network Based Model for the Malware Classification},
volume = {9},
journal = {Processes},
doi = {10.3390/pr9060929}
}

@article{65, 
title={Classification of Malware by Using Structural Entropy on Convolutional Neural Networks}, 
volume={32}, 
url={https://ojs.aaai.org/index.php/AAAI/article/view/11409}, 
DOI={10.1609/aaai.v32i1.11409}, 
number={1}, 
journal={Proceedings of the AAAI Conference on Artificial Intelligence}, author={Gibert, Daniel and Mateu, Carles and Planes, Jordi and Vicens, Ramon}, year={2018}, 
month={Apr.} 
}
@INPROCEEDINGS{66,  
author={Yan, Jiaqi and Yan, Guanhua and Jin, Dong},  
booktitle={2019 49th Annual IEEE/IFIP International Conference on Dependable Systems and Networks (DSN)},   
title={Classifying Malware Represented as Control Flow Graphs using Deep Graph Convolutional Neural Network},   
year={2019},  
pages={52-63},  
doi={10.1109/DSN.2019.00020}}

@ARTICLE{67,  
author={Hu, X. and Jang, J. and Wang, T. and Ashraf, Z. and Stoecklin, M. Ph. and Kirat, D.},  
journal={IBM Journal of Research and Development},   
title={Scalable malware classification with multifaceted content features and threat intelligence},   
year={2016},  
volume={60},  
number={4},  
pages={6:1-6:11},  
doi={10.1147/JRD.2016.2559378}}

@INPROCEEDINGS{68,  
author={Gibert, Daniel and Mateu, Carles and Planes, Jordi},  
booktitle={2019 International Joint Conference on Neural Networks (IJCNN)},   title={A Hierarchical Convolutional Neural Network for Malware Classification},   
year={2019},  
pages={1-8},  
doi={10.1109/IJCNN.2019.8852469}}

@inproceedings{69,
title = {Deep android malware detection},
author = {Niall McLaughlin and Del Rincon, Jesus Martinez and Kang, Boo Joong and Suleiman Yerima and Paul Miller and Sakir Sezer and Yeganeh Safaei and Erik Trickel and Ziming Zhao and Adam Doupe and Gail-Joon Ahn},
year = {2017},
month = {Mar},
day = {22},
doi = {10.1145/3029806.3029823},
language = {English (US)},
booktitle = {CODASPY 2017 - Proceedings of the 7th ACM Conference on Data and Application Security and Privacy},
pages = {301-308}
}

@INPROCEEDINGS{70,  
author={Yousefi-Azar, Mahmood and Varadharajan, Vijay and Hamey, Len and Tupakula, Uday},  
booktitle={2017 International Joint Conference on Neural Networks (IJCNN)},   title={Autoencoder-based feature learning for cyber security applications},   
year={2017},
pages={3854-3861},  
doi={10.1109/IJCNN.2017.7966342}}

@inproceedings{71,
author = {Drew, Jake and Moore, Tyler and Hahsler, Michael},
year = {2016},
month = {05},
pages = {81-87},
title = {Polymorphic Malware Detection Using Sequence Classification Methods},
doi = {10.1109/SPW.2016.30}
}
@misc{72,
  doi = {10.48550/ARXIV.1710.09435},
  url = {https://arxiv.org/abs/1710.09435},
  
  author = {Raff, Edward and Barker, Jon and Sylvester, Jared and Brandon, Robert and Catanzaro, Bryan and Nicholas, Charles},
  
  keywords = {Machine Learning (stat.ML), Cryptography and Security (cs.CR), Machine Learning (cs.LG), FOS: Computer and information sciences, FOS: Computer and information sciences},
  
  title = {Malware Detection by Eating a Whole EXE},
  
  publisher = {arXiv},
  
  year = {2017},
  
  copyright = {arXiv.org perpetual, non-exclusive license}
}
@article{73,
title = {Obfuscated Malware Detection Using Deep Generative Model based on Global/Local Features},
journal = {Computers \& Security},
volume = {112},
pages = {102501},
year = {2022},
issn = {0167-4048},
doi = {https://doi.org/10.1016/j.cose.2021.102501},
url = {https://www.sciencedirect.com/science/article/pii/S0167404821003254},
author = {Jin-Young Kim and Sung-Bae Cho},

}
@inproceedings{74,
  title={Deep Convolutional Malware Classifiers Can Learn from Raw Executables and Labels Only},
  author={Marek Krc{\'a}l and Ondř {\'S}vec and Martin B{\'a}lek and Otakar Jasek},
  booktitle={International Conference on Learning Representations},
  year={2018}
}

@article{75,
title = {Deep learning at the shallow end: Malware classification for non-domain experts},
journal = {Digital Investigation},
volume = {26},
pages = {S118-S126},
year = {2018},
issn = {1742-2876},
doi = {https://doi.org/10.1016/j.diin.2018.04.024},
url = {https://www.sciencedirect.com/science/article/pii/S1742287618302032},
author = {Quan Le and Oisín Boydell and Brian {Mac Namee} and Mark Scanlon},
}

@InProceedings{76,
author="Gibert, Daniel
and Mateu, Carles
and Planes, Jordi",
editor="K{\r{u}}rkov{\'a}, V{\v{e}}ra
and Manolopoulos, Yannis
and Hammer, Barbara
and Iliadis, Lazaros
and Maglogiannis, Ilias",
title="An End-to-End Deep Learning Architecture for Classification of Malware's Binary Content",
booktitle="Artificial Neural Networks and Machine Learning -- ICANN 2018",
year="2018",
publisher="Springer International Publishing",
address="Cham",
pages="383--391",
isbn="978-3-030-01424-7"
}

@INPROCEEDINGS{77,
  author={Zhang, Yunan and Huang, Qingjia and Ma, Xinjian and Yang, Zeming and Jiang, Jianguo},
  booktitle={2016 IEEE Trustcom/BigDataSE/ISPA}, 
  title={Using Multi-features and Ensemble Learning Method for Imbalanced Malware Classification}, 
  year={2016},
  volume={},
  number={},
  pages={965-973},
  doi={10.1109/TrustCom.2016.0163}}

  @misc{78,
  title = {{Hex-Rays}},
  howpublished = {\url{https://hex-rays.com/ida-pro/}},
  }

@misc{79,
  title = {{radareorg}},
  howpublished = {\url{https://rada.re/n/}},
  }

@misc{80,
  title = {{
National Security Agency/Central Security Service}},
  howpublished = {\url{ https://www.nsa.gov/resources/everyone/ghidra/}},
  }

@misc{81,
  title = {{
malimg\_dataset9010}},
  howpublished = {\url{ https://www.kaggle.com/datasets/keerthicheepurupalli/malimg-dataset9010}},
  }

@misc{82,
  title = {{
Microsoft Malware Classification Challenge (BIG 2015)}},
  howpublished = {\url{ https://www.kaggle.com/c/malware-classification}},
  }

@misc{83,
  title = {{
MaleVis: A Dataset for Vision Based Malware Recognition}},
  howpublished = {\url{ https://web.cs.hacettepe.edu.tr/~selman/malevis/}},
  }


@misc{84,
  title = {{The Drebin Dataset}},
  howpublished = {\url{ https://www.sec.tu-bs.de/~danarp/drebin/}},
  }

@misc{85,
  title = {{AndroZoo Dataset}},
  howpublished = {\url{ https://androzoo.uni.lu}},
  }
